% Encoding: UTF-8

@INPROCEEDINGS{7741905,
  author={C. A. {Correa} and G. {Marulanda} and A. {Garces}},
  booktitle={2016 IEEE Power and Energy Society General Meeting (PESGM)},
  title={Optimal microgrid management in the Colombian energy market with demand response and energy storage},
  year={2016},
  volume={},
  number={},
  pages={1-5},
  doi={10.1109/PESGM.2016.7741905}}

@misc{gurobi,
	author = "Gurobi Optimization, LLC",
	title = "Gurobi Optimizer Reference Manual",
	year = 2020,
	url = "http://www.gurobi.com"}